@misc{ Treadway17,
  author = {Sean Treadway},
  institution = {SoundCloud},
  title = {48 concerns for a single microservice},
  howpublished = {\url{https://youtu.be/NX0sHF8ZZgw?t=17m48s}},
  accessed = {\today}
 }

@misc{ FowlerTestPyramid,
  author={Martin Fowler},
  year=2012,
  institution = {Thoughtworks},
  title = {Test Pyramid},
  howpublished={\url{https://martinfowler.com/bliki/TestPyramid.html}},
  accessed = {\today}
}
